

@unpublished{ThomasMehlingHolleySentisXXXX,
    author  = {{\bf Thomas}, {\bf Gray Cortright} and Mehling, Joshua and Holley, James and Sentis, Luis},
    title   = {Shaping the Compliance of Series Elastic Joints},
    note    = {unpublished},
    year = {2019}
}


@unpublished{ThomasCampbellNicholsBrissoneauHeJamesPaineSentisXXXX,
    author  = {{\bf Thomas}, {\bf Gray Cortright} and {Campbell IV}, Orion and Nichols, Nick and Brissoneau, Nicholas and He, Binghan and James, Joshua and Paine, Nicholas and Sentis, Luis},
    title   = {Strength Amplification with 1-Norm-Prioritized Whole Body Contol for an Underactuated, Series Elastic Lower Body Exoskeleton},
    note    = {unpublished},
    year = {2019}
}

@inproceedings{KimThomasSentis2014ICARCV,
  title={Continuous cyclic stepping on 3D point-foot biped robots via constant time to velocity reversal},
  author={Kim, Donghyun and {\bf Thomas}, {\bf Gray Cortright} and Sentis, Luis},
  booktitle={Control Automation Robotics \& Vision (ICARCV), 2014 13th International Conference on},
  pages={1637--1643},
  year={2014},
  organization={IEEE}
}

@Misc{Thomas2017Software,
  author =   {{\bf Thomas}, {\bf Gray Cortright}},
  title =    {{ShapeIdentification}: A free implementation of\\the uncertainty shape identification algorithm},
  howpublished = {\url{http://github.com/GrayThomas/ShapeIdentification.git}},
  year = {2017}
}

@Misc{Thomas2019LPExo,
  author =   {{\bf Thomas}, {\bf Gray Cortright}},
  title =    {{LP Exo}: A free implementation of a 1-Norm Prioritized Whole Body Controller},
  howpublished = {\url{https://bitbucket.org/gray_thomas/exo_lp.git}},
  year = {2019}
}

@article{ThomasSentis2019TAC,
  title={Quadric Inclusion Programs: an {LMI} Approach to $\hinf$-Model Identification},
  author={{\bf Thomas}, {\bf Gray Cortright} and Sentis, Luis},
  year={2019},
  publisher={IEEE},
  doi={10.1109/TAC.2019.2897886},
  url={http://dx.doi.org/10.1109/TAC.2019.2897886},
  journal={IEEE Transactions on Automatic Control (Early Access)}
}

@article{IsikThomasSentis2019JDSMC,
  title={A Fixed Structure Gain Selection Strategy for High Impedance Series Elastic Actuator Behavior},
  author={Isik, Kenan and {\bf Thomas}, {\bf Gray Cortright} and Sentis, Luis},
  journal={Journal of Dynamic Systems, Measurement, and Control},
  volume={141},
  number={2},
  pages={021009--021009-8},
  doi={10.1115/1.4041449},
  year={2019},
  publisher={American Society of Mechanical Engineers}
}


unpublished{ThomasCoholichSentis2019pre,
  title={Compliance Shaping for Control of Strength Amplification Exoskeletons with Elastic Cuffs},
  author={{\bf Thomas}, {\bf Gray Cortright} and Coholich, Jeremiah M and Sentis, Luis},
  note={arXiv preprint arXiv:1903.09673},
  year={2019}
}

@inproceedings{ThomasCoholichSentis2019pre,
  title={Compliance Shaping for Control of Strength Amplification Exoskeletons with Elastic Cuffs},
  author={{\bf Thomas}, {\bf Gray Cortright} and Coholich, Jeremiah M and Sentis, Luis},
  booktitle={Proceedings of the 2019 IEEE/ASME International Conference on Advanced Intelligent Mechatronics},
  year="2019",
  pages={1199--1206},  
  month={July},
  organization={IEEE and ASME}
}


@unpublished{HeHuangThomasSentis2019pre,
  title={Complex Stiffness Model of Physical Human-Robot Interaction: Implications for Control of Performance Augmentation Exoskeletons},
  author={He, Binghan and Huang, Huang and {\bf Thomas}, {\bf Gray Cortright} and Sentis, Luis},
  note={arXiv preprint arXiv:1903.00704, Accepted at 2019 IEEE International Conference on Intelligent Robots and Systems (IROS) in Macau, China},
  year={2019}
}

@inproceedings{HeThomasPaineSentis2019ACC,
  title={Modeling and loop shaping of single-joint amplification exoskeleton with contact sensing and series elastic actuation},
  author={He, Binghan and {\bf Thomas}, {\bf Gray Cortright} and Paine, Nicholas and Sentis, Luis},
  booktitle={2019 Annual American Control Conference (ACC)},
  year="2019",
  pages={4580--4587}, 
  month={July},
  organization={AACC}
}

@inproceedings{ThomasHeSentis2018ACC,
  title={Safety Control Synthesis with Input Limits: a Hybrid Approach},
  author={{\bf Thomas}, {\bf Gray Cortright} and He, Binghan and Sentis, Luis},
  booktitle={2018 Annual American Control Conference (ACC)},
  year="2018",
  pages={792--797}, 
  doi={10.23919/ACC.2018.8431457}, 
  ISSN={2378-5861}, 
  month={June},
  organization={AACC}
}


@inproceedings{SchlossmanThomasCampbellSentis2018ROBIO,
  title={Toward Exploiting the Natural Dynamics of Series Elastic Robots by Actuator-Centered Sequential Linear Program},
  author={Schlossman, Rachel and {\bf Thomas}, {\bf Gray Cortright} and Campbell, Orion and Sentis, Luis},
  note={ArXiv:1802.10190 [CS.RO]},
  year="2018",
  booktitle={2018 IEEE International Conference on Robotics and Biomimetics (ROBIO)},
  month={December},
  pages={1405--1412},
  organization={IEEE},
}

@article{KimEA2016TRO,
    title={Stabilizing series-elastic point-foot bipeds using whole-body operational space control},
    author={Kim, Donghyun and Zhao, Ye and {\bf Thomas}, {\bf Gray Cortright} and Fernandez, Benito R and Sentis, Luis},
    journal={IEEE Transactions on Robotics},
    volume={32},
    number={6},
    pages={1362--1379},
    year={2016},
    publisher={IEEE}
}
Early version:
unpublished{KimZhaoThomasSentis2015ArXiv,
    title={Assessing whole-body operational space control in a point-foot series elastic biped: Balance on split terrain and undirected walking},
    author={Kim, Donghyun and Zhao, Ye and Thomas, Gray and Sentis, Luis},
    journal={arXiv preprint arXiv:1501.02855},
    year={2015}
}

@article{KoolenEA2016IJHR,
    title={Design of a momentum-based control framework and application to the humanoid robot {A}tlas},
    author={Koolen, Twan and Bertrand, Sylvain and {\bf Thomas}, {\bf Gray Cortright} and De Boer, Tomas and Wu, Tingfan and Smith, Jesper and Englsberger, Johannes and Pratt, Jerry},
    journal={International Journal of Humanoid Robotics},
    volume={13},
    number={01},
    pages={1650007},
    year={2016},
    publisher={World Scientific}
}


@inproceedings{ThomasSentis2017ACC,
    title={{MIMO} identification of frequency-domain unreliability in {SEAs}},
    author={{\bf Thomas}, {\bf Gray Cortright} and Sentis, Luis},
    booktitle={American Control Conference (ACC), 2017},
    pages={4436--4441},
    year={2017},
    organization={AACC}
}


@inproceedings{RaoThomasSentisDeshpande2017ICRA,
    title={Analyzing Achievable Stiffness Control Bounds of Robotic Hands With Compliantly Coupled Finger Joints},
    author={Rao, Prashant and {\bf Thomas}, {\bf Gray Cortright} and Sentis, Luis and Deshpande, Ashish},
    booktitle={Robotics and Automation (ICRA), 2017 IEEE Conference on },
    year={2017},
    organization={IEEE}
}


@inproceedings{ThomasSentis2016IROS,
    title={Towards computationally efficient planning of dynamic multi-contact locomotion},
    author={{\bf Thomas}, {\bf Gray Cortright} and Sentis, Luis},
    booktitle={Intelligent Robots and Systems (IROS), 2016 IEEE/RSJ International Conference on},
    pages={3879--3886},
    year={2016},
    organization={IEEE}
}


@inproceedings{KimThomasSentis2015Humanoids,
    title={A method for dynamically balancing a point foot robot},
    author={Kim, Donghyun and {\bf Thomas}, {\bf Gray Cortright} and Sentis, Luis},
    booktitle={Humanoid Robots (Humanoids), 2015 IEEE-RAS 15th International Conference on},
    pages={901--907},
    year={2015},
    organization={IEEE}
}




@inproceedings{KimZhaoThomasSentis2014DSC,
    title={Empirical Modifications to a Phase Space Planner Which Compensates for Low Stiffness Actuation in a Planar, Point-Foot, Biped Robot},
    author={Kim, Donghyun and Zhao, Ye and {\bf Thomas}, {\bf Gray Cortright} and Sentis, Luis},
    booktitle={ASME 2014 Dynamic Systems and Control Conference},
    year={2014},
    organization={American Society of Mechanical Engineers}
}


@inproceedings{KimKwokThomasSentis2014IROS,
    title={Fully omnidirectional compliance in mobile robots via drive-torque sensor feedback},
    author={Kim, Kwan Suk and Kwok, Alan S and {\bf Thomas}, {\bf Gray Cortright} and Sentis, Luis},
    booktitle={Intelligent Robots and Systems (IROS 2014), 2014 IEEE/RSJ International Conference on},
    pages={4757--4763},
    year={2014},
    organization={IEEE}
}


@inproceedings{KoolenEA2013Humanoids,
    title={Summary of team {IHMC}'s virtual robotics challenge entry},
    author={Koolen, Twan and Smith, Jesper and {\bf Thomas}, {\bf Gray Cortright} and Bertrand, Sylvain and Carff, John and Mertins, Nathan and Stephen, Douglas and Abeles, Peter and Englsberger, Johannes and Mccrory, Stephen and others},
    booktitle={Humanoid Robots (Humanoids), 2013 13th IEEE-RAS International Conference on},
    pages={307--314},
    year={2013},
    organization={IEEE}
}


@inproceedings{ThomasGimenezChinCarmedelleHoover2012IDETC,
    title={Controllable, High Force Amplification Using Elastic Cable Capstans},
    author={{\bf Thomas}, {\bf Gray Cortright} and Gimenez, Clayton C and Chin, Erica D and Carmedelle, Andrew P and Hoover, Aaron M},
    booktitle={ASME 2012 International Design Engineering Technical Conferences and Computers and Information in Engineering Conference},
    pages={885--889},
    year={2012},
    organization={American Society of Mechanical Engineers}
}


@inproceedings{CullerThomasLee2012SDM,
    title={A Perching Landing Gear for a Quadcopter},
    author={Culler, Elsa and {\bf Thomas}, {\bf Gray Cortright} and Lee, Chris},
    booktitle={53rd AIAA/ASME/ASCE/AHS/ASC Structures, Structural Dynamics and Materials Conference},
    doi={doi:10.2514/6.2012-1722},
    url={https://doi.org/10.2514/6.2012-1722},
    year={2012},
    organization={American Institute of Aeronautics and Astronautics}
}



% Poster
@inproceedings{ZhaoKimThomasSentis2015HSCC,
    title={Hybrid multi-contact dynamics for wedge jumping locomotion behaviors},
    author={Zhao, Ye and Kim, Donghyun and {\bf Thomas}, {\bf Gray Cortright} and Sentis, Luis},
    booktitle={Proceedings of the 18th International Conference on Hybrid Systems: Computation and Control},
    pages={293--294},
    year={2015},
    organization={ACM}
}



%DW 15
@unpublished{KimZhaoThomasSentis2015DW,
    title={Whole-Body Opertation Space Control: Undirectional Walking of a Point-Foot Series Elastic Biped},
    author={Kim, Donghyun and Zhao, Ye and {\bf Thomas}, {\bf Gray Cortright} and Sentis, Luis},
    year = {2015},
    note= {Dynamic Walking Conference, Columbus Ohio},
    url={https://www.youtube.com/watch?v=REBJEvfTxHk}
}

%DW 14
@unpublished{KimZhaoThomasSentis2014DW,
    title={Towards Agility in Compliant Point-Foot Bipeds},
    author={Kim, Donghyun and Zhao, Ye and {\bf Thomas}, {\bf Gray Cortright} and Sentis, Luis},
    year = {2014},
    note= {Dynamic Walking Conference, ETH Zurich},
    url={http://dynamicwalking.ethz.ch/paper/viewFile/148/148-582-1-PB.pdf}
}

% IROS Workshop
@unpublished{ThomasSentis2016IROSWS,
    title={Identification of Frequency-Domain Uncertainty for Series Elastic Actuators},
    author={{\bf Thomas}, {\bf Gray Cortright} and Sentis, Luis},
    year = {2016},
    note= {IROS 2016 Workshop on The Mechatronics behind Force/Torque Controlled Robot Actuation: Secrets and Challenges, Daejeon, South Korea},
    url={http://walk-man.eu/results/workshops/iros-2016-workshop-force-torque-controlled-actuation/submitted-contribution/57-submission-by-gray-thomas/file}
}